<collection xmlns="http://www.loc.gov/MARC21/slim">
<record>
  <leader>01389nam0a22002651i 450 </leader>
  <controlfield tag="001">IT\ICCU\CNCE\068722</controlfield>
  <controlfield tag="005">20080125000000.0</controlfield>
  <datafield tag="012" ind1=" " ind2=" ">
    <subfield code="a">nene o,ia ioia ioia (C) 1588 (A)</subfield>
    <subfield code="2">fei</subfield>
  </datafield>
  <datafield tag="100" ind1=" " ind2=" ">
    <subfield code="a">20061031d1588        0itac0103    ba</subfield>
  </datafield>
  <datafield tag="101" ind1=" " ind2=" ">
    <subfield code="a">ITA</subfield>
  </datafield>
  <datafield tag="102" ind1=" " ind2=" ">
    <subfield code="a">IT</subfield>
  </datafield>
  <datafield tag="200" ind1="1" ind2=" ">
    <subfield code="a">Opera noua doue si contiene strambotti del Serafino, con vna stanze di contrarieta, &amp; vna canzone alla siciliana, con vn ragionamento fra dui hebrei. Con vn madrigale. Tutte cose honeste, &amp; degne ad ogni eleuato spirito. Nouamente da Zan Fritada, et il figliuolo del Fortunato nouamente posto in luce</subfield>
  </datafield>
  <datafield tag="210" ind1=" " ind2=" ">
    <subfield code="a">In Pesaro</subfield>
    <subfield code="c">appresso Gironimo Concordia</subfield>
    <subfield code="d">1588</subfield>
  </datafield>
  <datafield tag="215" ind1=" " ind2=" ">
    <subfield code="a">\4! c.</subfield>
    <subfield code="d">8ʻ</subfield>
  </datafield>
  <datafield tag="620" ind1=" " ind2=" ">
    <subfield code="a">IT</subfield>
    <subfield code="d">Pesaro</subfield>
  </datafield>
  <datafield tag="702" ind1=" " ind2="0">
    <subfield code="a">Serafino</subfield>
    <subfield code="c"> : Aquilano</subfield>
    <subfield code="3">IT\ICCU\CNCA\006567</subfield>
  </datafield>
  <datafield tag="712" ind1="0" ind2="0">
    <subfield code="a">Concordia, Girolamo</subfield>
    <subfield code="3">IT\ICCU\CNCT\000006</subfield>
    <subfield code="4">650</subfield>
  </datafield>
  <datafield tag="790" ind1=" " ind2="1">
    <subfield code="a">Aquila,</subfield>
    <subfield code="b">Serafino : dell&apos;</subfield>
    <subfield code="3">IT\ICCU\CNCA\007641</subfield>
    <subfield code="z">Serafino : Aquilano</subfield>
  </datafield>
  <datafield tag="790" ind1=" " ind2="1">
    <subfield code="a">Ciminelli,</subfield>
    <subfield code="b">Serafino : de&apos;</subfield>
    <subfield code="3">IT\ICCU\CNCA\008243</subfield>
    <subfield code="z">Serafino : Aquilano</subfield>
  </datafield>
  <datafield tag="790" ind1=" " ind2="0">
    <subfield code="a">Serafino</subfield>
    <subfield code="c"> : da#Aquila</subfield>
    <subfield code="3">IT\ICCU\CNCA\025650</subfield>
    <subfield code="z">Serafino : Aquilano</subfield>
  </datafield>
  <datafield tag="790" ind1=" " ind2="0">
    <subfield code="a">Serafino</subfield>
    <subfield code="c"> : dell&apos;Aquila</subfield>
    <subfield code="3">IT\ICCU\CNCA\025653</subfield>
    <subfield code="z">Serafino : Aquilano</subfield>
  </datafield>
  <datafield tag="791" ind1="0" ind2="0">
    <subfield code="a">Concordia, Hieronymus</subfield>
    <subfield code="3">IT\ICCU\CNCT\004659</subfield>
    <subfield code="z">Concordia, Girolamo</subfield>
  </datafield>
  <datafield tag="791" ind1="0" ind2="0">
    <subfield code="a">Concordia, Gieronimo</subfield>
    <subfield code="3">IT\ICCU\CNCT\004660</subfield>
    <subfield code="z">Concordia, Girolamo</subfield>
  </datafield>
  <datafield tag="801" ind1=" " ind2="3">
    <subfield code="a">IT</subfield>
    <subfield code="b">ICCU</subfield>
    <subfield code="c">20201115</subfield>
  </datafield>
  <datafield tag="899" ind1=" " ind2=" ">
    <subfield code="a">Biblioteca universitaria Alessandrina. Roma</subfield>
    <subfield code="1">RM0280</subfield>
    <subfield code="2">RML 01</subfield>
  </datafield>
</record>
</collection>
